% This file was created with JabRef 2.10.
% Encoding: Cp1252
@inproceedings{Bhattacharya2015,
  title={MetaTracts - A Method for Robust Extraction and Visualization of Carbon Fiber Bundles in Fiber Reinforced Composites},
  author={Bhattacharya, A. and Heinzl, C. and Amirkhanov, A. and Kastner, J. and Wenger, R.},
  booktitle={Pacific Visualization Symposium (PacificVis), 2015 IEEE},
  year={2015},
  organization={IEEE}
}